% 5334057 
@Article{pmid5334057,
   Author="Fitch, W. M.  and Margoliash, E. ",
   Title="{{C}onstruction of phylogenetic trees}",
   Journal="Science",
   Year="1967",
   Volume="155",
   Number="3760",
   Pages="279--284",
   Month="Jan"
}

% 11975348 
@Article{pmid11975348,
   Author="Felsenstein, J. ",
   Title="{{A}n alternating least squares approach to inferring phylogenies from pairwise distances}",
   Journal="Syst Biol",
   Year="1997",
   Volume="46",
   Number="1",
   Pages="101--111",
   Month="Mar"
}
